<?xml version="1.0" encoding="UTF-8"?><collection xmlns="http://www.loc.gov/MARC21/slim"><record><leader>00551nam--2200169-u-4500</leader><controlfield tag="001">000056342</controlfield><controlfield tag="002">20161230</controlfield><controlfield tag="005">20161230201052</controlfield><controlfield tag="008">150714s1000------------r-----000-0-eng-d</controlfield><datafield ind1=" " ind2=" " tag="040"><subfield code="a">IFIN-HH</subfield></datafield><datafield ind1="1" ind2=" " tag="100"><subfield code="a">Reiser, Martin</subfield></datafield><datafield ind1="1" ind2="0" tag="245"><subfield code="a">Theory and design of charged particle beams</subfield><subfield code="b">With contributions by patrick o'shea, santiago bernal, and rami kishek</subfield><subfield code="c">Martin reiser</subfield></datafield><datafield ind1=" " ind2=" " tag="250"><subfield code="a">Second, Updated And Expanded Edition</subfield></datafield><datafield ind1=" " ind2=" " tag="260"><subfield code="a">Weinheim</subfield><subfield code="b">Wiley-vch Verlag</subfield><subfield code="c">2008</subfield></datafield><datafield ind1=" " ind2=" " tag="300"><subfield code="a">XXVII+647P</subfield></datafield><datafield ind1=" " ind2=" " tag="852"><subfield code="a">82422</subfield><subfield code="c">621.384.6</subfield></datafield><datafield ind1=" " ind2=" " tag="CAT"><subfield code="a">Sys</subfield><subfield code="c">20150714</subfield><subfield code="h">151451</subfield></datafield></record></collection>